@article{huang2018music,
  title={Music Transformer: Generating Music with Long-Term Structure},
  author={Huang, Cheng-Zhi Anna and Vaswani, Ashish and Uszkoreit, Jakob and Shazeer, Noam and Hawthorne, Curtis and Dai, Andrew M and Hoffman, Matthew D and Eck, Douglas},
  journal={arXiv preprint arXiv:1809.04281},
  year={2018}
}

@misc{shaw2018selfattention,
  title={Self-Attention with Relative Position Representations},
  author={Peter Shaw and Jakob Uszkoreit and Ashish Vaswani},
  year={2018},
  eprint={1803.02155},
  archivePrefix={arXiv},
  primaryClass={cs.CL}
}

@inproceedings{46748,
  title	= {Learning to Create Piano Performances},
  author	= {Sageev Oore and Ian Simon and Sander Dieleman and Doug Eck},
  year	= {2017},
  booktitle	= {NIPS 2017 Workshop on Machine Learning and Creativity}
}

@misc{magenta,
  author = {Google Brain Team},
  title = {Magenta},
  year = {2023},
  howpublished = {\url{https://magenta.tensorflow.org/}},
  note = {Accessed: 2023-06-09}
}

@inproceedings{
  hawthorne2018enabling,
  title={Enabling Factorized Piano Music Modeling and Generation with the {MAESTRO} Dataset},
  author={Curtis Hawthorne and Andriy Stasyuk and Adam Roberts and Ian Simon and Cheng-Zhi Anna Huang and Sander Dieleman and Erich Elsen and Jesse Engel and Douglas Eck},
  booktitle={International Conference on Learning Representations},
  year={2019},
  url={https://openreview.net/forum?id=r1lYRjC9F7},
}

@misc{score2perf,
    title = {Magenta Score2Perf Model},
    author = {Magenta Team},
    year = {2023},
    publisher = {GitHub},
    journal = {GitHub repository},
    howpublished = {\url{https://github.com/magenta/magenta/tree/main/magenta/models/score2perf}}
}

@misc{midi1996,
    title={MIDI 1.0 Detailed Specification},
    author={{MIDI Manufacturers Association}},
    year={1996},
    howpublished={\url{https://www.midi.org/specifications-old/item/the-midi-1-0-specification}}
}

